@article{oquare2013,
    abstract = {The increasing importance of ontologies has resulted in the development of a large number of ontologies in both coordinated and non-coordinated efforts. The number and complexity of such ontologies make hard to ontology and tool developers to select which ontologies to use and reuse. So far, there are no mechanism for making such decisions in an informed manner. Consequently, methods for evaluating ontology quality are required. {OQuaRE} is a method for ontology quality evaluation which adapts the {SQuaRE} standard for software product quality to ontologies. {OQuaRE} has been applied to identify the strengths and weaknesses of different ontologies but, so far, this framework has not been evaluated itself. Therefore, in this paper we present the evaluation of {OQuaRE}, performed by an international panel of experts in ontology engineering. The results include the positive and negative aspects of the current version of {OQuaRE}, the completeness and utility of the quality metrics included in {OQuaRE} and the comparison between the results of the manual evaluations done by the experts and the ones obtained by a software implementation of {OQuaRE}. \^{a}ยบ {OQuaRE} is a framework for evaluating ontologies based on {SQuaRE}. \^{a}ยบ Ontology experts have participated in the evaluation of {OQuaRE}. \^{a}ยบ The results show strengths and weaknesses of the framework and propose ways for improving it.},
    author = {Duque-Ramos, Astrid and Fern\'{a}ndez-Breis, Jesualdo T. and Iniesta, Miguela and Dumontier, Michel and Ega\~{n}a Aranguren, Mikel and Schulz, Stefan and Aussenac-Gilles, Nathalie and Stevens, Robert},
    citeulike-article-id = {11968111},
    citeulike-linkout-0 = {http://dx.doi.org/10.1016/j.eswa.2012.11.004},
    doi = {10.1016/j.eswa.2012.11.004},
    issn = {09574174},
    journal = {Expert Systems with Applications},
    keywords = {mystuff},
    month = jan,
    number = {7},
    pages = {2696--2703},
    posted-at = {2013-01-29 10:06:21},
    priority = {1},
    title = {Evaluation of the {OQuaRE} framework for ontology quality},
    url = {http://dx.doi.org/10.1016/j.eswa.2012.11.004},
    volume = {40},
    year = {2013}
}

@article{EganaAranguren2013,
abstract = {ABSTRACT: BACKGROUND: Biomedical ontologies are key elements for building up the Life Sciences Semantic Web. Reusing and building biomedical ontologies requires flexible and versatile tools to manipulate them efficiently, in particular for enriching their axiomatic content. The Ontology Pre Processor Language (OPPL) is an OWL-based language for automating the changes to be performed in an ontology. OPPL augments the ontologists' toolbox by providing a more efficient, and less error-prone, mechanism for enriching a biomedical ontology than that obtained by a manual treatment. RESULTS: We present OPPL-Galaxy, a wrapper for using OPPL within Galaxy. The functionality delivered by OPPL (i.e. automated ontology manipulation) can be combined with the tools and workflows devised within the Galaxy framework, resulting in an enhancement of OPPL. Use cases are provided in order to demonstrate OPPL-Galaxy's capability for enriching, modifying and querying biomedicalontologies. CONCLUSIONS: Coupling OPPL-Galaxy with other bioinformatics tools of the Galaxy framework results in a system that is more than the sum of its parts. OPPL-Galaxy opens a new dimension of analyses and exploitation of biomedical ontologies, including automated reasoning, paving the way towards advanced biological data analyses.},
author = {{Ega\~{n}a Aranguren}, Mikel and Fern\'{a}ndez-Breis, Jesualdo Tom\'{a}s and Antezana, Erick and Mungall, C.J. and {Rodr\'{\i}guez Gonz\'{a}lez}, Alejandro and Wilkinson, Mark D},
doi = {10.1186/2041-1480-4-2},
file = {:Users/cjm/Documents/MendeleyDesktop/Ega\~{n}a Aranguren et al/Journal of biomedical semantics/Ega\~{n}a Aranguren et al. - 2013 - OPPL-Galaxy, a Galaxy tool for enhancing ontology exploitation as part of bioinformatics workflows.pdf:pdf},
issn = {2041-1480},
journal = {Journal of biomedical semantics},
month = jan,
number = {1},
pages = {2},
pmid = {23286517},
title = {{OPPL-Galaxy, a Galaxy tool for enhancing ontology exploitation as part of bioinformatics workflows.}},
url = {http://www.ncbi.nlm.nih.gov/pubmed/23286517},
volume = {4},
year = {2013}
}

@article{aranguren2014SWJ-ogolod,
    author = {{Jos\'{e} Antonio Mi\~{n}arro Gim\'{e}nez} and {Mikel Ega\~{n}a Aranguren} and {Boris Villaz\'{on} Terrazas} and {Jesualdo Tom\'{a}s Fern\'{a}ndez}},
    issn = {1570-0844},
    journal = {Semantic Web Journal},
    number = {2},
    pages = {145-149},
    title = {Translational research combining orthologous genes and human diseases with the {OGOLOD} dataset},
    volume = {5},
    year = {2014}
}

@article{aranguren2014SWJ,
    author = {{Mikel Ega\~{n}a Aranguren} and {Jesualdo Tom\'{a}s Fern\'{a}ndez Breis} and {Michel Dumontier}},
    citeulike-article-id = {13339594},
    citeulike-linkout-0 = {http://www.semantic-web-journal.net/content/special-issue-linked-data-health-care-and-life-sciences},
    issn = {1570-0844},
    journal = {Semantic Web Journal},
    keywords = {mystuff},
    number = {2},
    pages = {99--100},
    posted-at = {2014-08-28 11:53:02},
    priority = {2},
    title = {{Special issue on Linked Data for Health Care and the Life Sciences}},
    url = {http://www.semantic-web-journal.net/content/special-issue-linked-data-health-care-and-life-sciences},
    volume = {5},
    year = {2014}
}


@article{aranguren2007understanding,
  title={{Understanding and using the meaning of statements in a bio-ontology: recasting the Gene Ontology in OWL}},
  author={Aranguren, M. and Bechhofer, S. and Lord, P. and Sattler, U. and Stevens, R.},
  journal={BMC bioinformatics},
  volume={8},
  number={1},
  pages={57},
  year={2007},
  publisher={BioMed Central Ltd}
}

@article{aranguren2008ontology,
  title={{Ontology Design Patterns for bio-ontologies: a case study on the Cell Cycle Ontology}},
  author={Aranguren, M.E. and Antezana, E. and Kuiper, M. and Stevens, R.},
  journal={BMC bioinformatics},
  volume={9},
  number={Suppl 5},
  pages={S1},
  year={2008},
  publisher={BioMed Central Ltd}
}

@article{stevens2007using,
  title={{Using OWL to model biological knowledge}},
  author={Stevens, R. and Ega{\~n}a Aranguren, M. and Wolstencroft, K. and Sattler, U. and Drummond, N. and Horridge, M. and Rector, A.},
  journal={International Journal of Human-Computer Studies},
  volume={65},
  number={7},
  pages={583--594},
  year={2007},
  publisher={Elsevier}
}

@article{egana2008situ,
  title={{In situ migration of handcrafted ontologies to reason-able forms}},
  author={Ega{\~n}a Aranguren, M. and Wroe, C. and Goble, C. and Stevens, R.},
  journal={Data \& Knowledge Engineering},
  volume={66},
  number={1},
  pages={147--162},
  year={2008},
  publisher={Elsevier}
}

@article{antezana2009biogateway,
  title={{BioGateway: a semantic systems biology tool for the life sciences}},
  author={Antezana, E. and Blond{\'e}, W. and Ega{\~n}a, M. and Rutherford, A. and Stevens, R. and De Baets, B. and Mironov, V. and Kuiper, M.},
  journal={BMC bioinformatics},
  volume={10},
  number={Suppl 10},
  pages={S11},
  year={2009},
  publisher={BioMed Central Ltd}
}

@article{antezana2009cell,
  title={{The Cell Cycle Ontology: an application ontology for the representation and integrated analysis of the cell cycle process}},
  author={Antezana, E. and Ega{\~n}a, M. and Blond{\'e}, W. and Illarramendi, A. and Bilbao, I. and De Baets, B. and Stevens, R. and Mironov, V. and Kuiper, M.},
  journal={Genome Biol},
  volume={10},
  number={5},
  pages={R58},
  year={2009}
}

@article{antezana2008onto,
  title={{ONTO-PERL: an API for supporting the development and analysis of bio-ontologies}},
  author={Antezana, E. and Ega{\~n}a, M. and De Baets, B. and Kuiper, M. and Mironov, V.},
  journal={Bioinformatics},
  volume={24},
  number={6},
  pages={885},
  year={2008},
  publisher={Oxford Univ Press}
}

@article{micnarro2011semantic,
  title={{Semantic integration of information about orthologs and diseases: The OGO system}},
  author={Mi{\c{n}}arro-Gimenez, J.A. and Aranguren, M.E. and B{\'e}jar, R.M. and Fern{\'a}ndez-Breis, J.T. and Madrid, M.},
  journal={Journal of biomedical informatics},
  year={2011},
  publisher={Elsevier}
}

@article{mironov2011flexibility,
  title={{Flexibility and utility of the Cell Cycle Ontology}},
  author={Mironov, V. and Antezana, E. and Ega{\~n}a, M. and Blond{\'e}, W. and De Baets, B. and Kuiper, M. and Stevens, R.},
  journal={Applied Ontology},
  year={2011},
  publisher={IOS Press}
}


@article{minarro2012publishing,
  title={{Publishing Orthology and Diseases Information in the Linked Open Data Cloud}},
  author={Minarro-Gimenez, J.A. and Egana-Aranguren, M. and Villazon-Terrazas, B. and Fernandez-Breis, J.T.},
  journal={Current Bioinformatics},
  volume={7},
  number={3},
  pages={255--266},
  year={2012},
  publisher={Bentham Science Publishers}
}

@incollection{aranguren2010technologies,
  title={{Technologies and Best Practices for Building Bio-Ontologies}},
  author={Aranguren, M.E. and Stevens, R. and Antezana, E. and {Fern{\'a}ndez-Breis, J.T.} and Kuiper, M. and Mironov, V.},
  booktitle={Knowledge-Based Bioinformatics},
  pages={67--86},
  year={2010},
  volume = {Gil Alterovitz and Marco Ramoni (Eds.)},
  publisher={Wiley Online Library}
}

@inproceedings{aranguren2011oppl,
  title={OPPL-Galaxy: enhancing ontology exploitation in galaxy with OPPL},
  author={Aranguren, M.E. and Fern{\'a}ndez-Breis, J.T. and Antezana, E.},
  booktitle={Proceedings of the 4th International Workshop on Semantic Web Applications and Tools for the Life Sciences},
  pages={12--19},
  year={2011},
  organization={ACM}
}

@inproceedings{alesr2014,
  title={Nanopublishing clinical diagnoses: tracking diagnostic knowledge base content and utilization},
  author={Alejandro Rodr{\'i}guez Gonz{\'a}lez and Marcos Mart{\'i}nez Romero and Mikel Ega{\~n}a Aranguren and Mark D. Wilkinson},
  booktitle={27th International Symposium on Computer-Based Medical Systems (CBMS)},
  pages={335--340},
  year={2014}
}

@inproceedings{iwbbio2013,
  added-at = {2013-09-09T00:00:00.000+0200},
  author = {Alejandro Rodr{\'i}guez Iglesias and Mikel Ega{\~n}a Aranguren and Alejandro Rodr{\'i}guez Gonz{\'a}lez and Mark D. Wilkinson},
  biburl = {http://www.bibsonomy.org/bibtex/2b0ef8871f243cd4eb91b996c4fc04979/dblp},
  booktitle = {IWBBIO},
  editor = {Rojas, Ignacio and Guzman, Francisco M. Ortuรฑo},
  ee = {http://iwbbio.ugr.es/papers/iwbbio_110.pdf},
  interhash = {2640f1dddfa5ad34057564230da7bfcb},
  intrahash = {b0ef8871f243cd4eb91b996c4fc04979},
  isbn = {978-84-15814-13-9},
  keywords = {dblp},
  pages = {695-702},
  publisher = {Copicentro Editorial},
  timestamp = {2013-09-09T00:00:00.000+0200},
  title = {Plant Pathogen Interactions Ontology (PPIO).},
  url = {http://dblp.uni-trier.de/db/conf/iwbbio/iwbbio2013.html#IglesiasAGW13},
  year = 2013
}

@inproceedings{minarro2010semantic,
  title={{A semantic query interface for the OGO platform}},
  author={Mi{\~n}arro-Gim{\'e}nez, J. and Aranguren, M. and Garc{\'\i}a-S{\'a}nchez, F. and Fern{\'a}ndez-Breis, J.},
  booktitle={Information Technology in Bio-and Medical Informatics, ITBAM 2010},
  pages={128--142},
  year={2010},
  publisher={Springer}
}


@inproceedings{ekaw2008,
year={2008},
booktitle={Knowledge Engineering: Practice and Patterns},
volume={5268},
series={Lecture Notes in Computer Science},
editor={Gangemi, Aldo and Euzenat, Jรฉrรดme},
title={Applying Ontology Design Patterns in Bio-ontologies},
publisher={Springer Berlin Heidelberg},
author={Ega{\~n}a, Mikel and Rector, Alan and Stevens, Robert and Antezana, Erick},
pages={7-16},
language={English}
}

@inproceedings{OTHER-horridge2012ontology,
  title={{Ontology Design Pattern Language Expressivity Requirements}},
  author={Horridge, M. and Aranguren, M.E. and Mortensen, J. and Musen, M. and Noy, N.F.},
  booktitle={WOP (Co-located with ISWC), Boston, USA},
  year={2012}
}

@misc{OTHER-marshall2012w3c,
  title={{Mapping and linking life sciences data using RDF (W3C Note)}},
  author={Marshall, M.S. and Aranguren, M.E. and Boyce, R. and Deus, H.F. and Zhao, J. and Willighagen, E.L. and Samwald, M. and Pichler, E. and Hajagos, J. and Prudโhommeaux, E. and others},
  year={2012}
}

@inproceedings{OTHER-gimenez2012ncbo,
  title={{NCBO-Galaxy: bridging the BioPortal web services and the Galaxy platform}},
  author={Gimenez, J.A.M. and Aranguren, M.E. and Tomas, J.},
  booktitle={ICBO, Graz, Austria},
  year={2012}
}

@inproceedings{OTHER-antezana2008structuring,
  title={{Structuring the life science resourceome for semantic systems biology: lessons from the BioGateway Project}},
  author={Antezana, E. and Blond{\'e}, W. and Egana, M. and Rutherford, A. and Stevens, R. and De Baets, B. and Mironov, V. and Kuiper, M.},
  booktitle={Proceedings of the Workshop on Semantic Web Applications and Tools for Life Sciences (SWAT4LS): November 28, 2008; Edinburgh, United Kingdom},
  year={2008}
}

@inproceedings{OTHER-iannone2008augmenting,
  title={Augmenting the expressivity of the ontology pre-processor language},
  author={Iannone, L. and Egana, M. and Rector, A. and Stevens, R.},
  booktitle={OWL Experiences and Directions (OWLEd), co-located with ISWC, Karlsruhe, Germany},
  year={2008}
}  

@inproceedings{OTHER-fernandez2009quality,
  title={A Quality Evaluation Framework for Bio-Ontologies},
  author={Fernandez-Breis, J.T. and Aranguren, M.E. and Stevens, R.},
  year={2009},
  booktitle={ICBO, Buffalo, USA}
}

@inproceedings{OTHER-aranguren2009transforming,
  title={{Transforming the Axiomisation of Ontologies: The Ontology Pre-Processor Language}},
  author={Aranguren, M.E. and Stevens, R. and Antezana, E.},
  year={2008},
  booktitle={OWL Experiences and Directions (OWLEd), Washington DC, USA}
}


